% 1
% Kendall, Maurice G. Time-Series. 2d ed. ed. New York :: Hafner Press, 1976, 12.
@inbook{X1inbook,
	author	= "",
	editor	= "",
	title	= "",
	chapter	= "",
	pages	= "",
	publisher= "",
	?_volume	= "",
	?_number	= "",
	?_series	= "",
	?_type	= "",
	?_address= "",
	?_edition= "",
	year	= "",
	?_month	= "",
	?_note	= "",
}

% 2
% Kendall, Maurice G. Time-Series. 2d ed. ed. New York :: Hafner Press, 1976, 4.
@inbook{X2inbook,
	author	= "",
	editor	= "",
	title	= "",
	chapter	= "",
	pages	= "",
	publisher= "",
	?_volume	= "",
	?_number	= "",
	?_series	= "",
	?_type	= "",
	?_address= "",
	?_edition= "",
	year	= "",
	?_month	= "",
	?_note	= "",
}

% 3
% Yule, George Udny. "On a Method of Investigating Periodicities in Disturbed Series, with Special Reference to Wolfer's
% Sunspot Numbers." Philosophical Transactions of the Royal Society of London: Series A. Containing Papers of a
% Mathematical or Physical Character 226 (04/29/ 1927): 267-98. http://ezproxy.gardner-
% webb.edu/login?url=http://search.ebscohost.com/login.aspx?direct=true&db=hsr&AN=521326766&site=eds-live.
@article{X3article,
    author    = "",
    title     = "",
    journal   = "",
    ?_volume   = "",
    ?_number   = "",
    ?_pages    = "",
    year      = "XXXX",
    ?_month    = "",
    ?_note     = "",
}

% 4
% Box, George E. P., Gwilym M. Jenkins, Gregory C. Reinsel, and Greta M. Ljung. Time Series Analysis : Forecasting and
% Control. Fifth edition / ed. Hoboken, New Jersey :: John Wiley & Sons, Inc., 2016. 1 online resource, 1-10.
@book{X4book,
    author    = "",
    title     = "",
    publisher = "",
    ?_volume   = "",
    ?_number   = "",
    ?_series   = "",
    ?_address  = "",
    ?_edition  = "",
    year      = "XXXX",
    ?_month    = "",
    ?_note     = "",
}

% 5
% McNelis, Paul D. Neural Networks in Finance : Gaining Predictive Edge in the Market. Academic Press Advanced Finance
% Series. Burlington, MA: Academic Press, 2005, 14-17.

% 6
% Bollerslev, Tim. "Generalized Autoregressive Conditional Heteroskedasticity." Journal of Econometrics 31, no. 3 (1986):
%307-27. http://ezproxy.gardner-
%webb.edu/login?url=http://search.ebscohost.com/login.aspx?direct=true&db=bth&AN=4987693&site=eds-live.

% 7
% Bollerslev, Tim. "A Conditionally Heteroskedastic Time Series Model for Speculative Prices and Rates of Return." 1987.

% 8
% Engle, Robert F. "Autoregressive Conditional Heteroscedasticity with Estimates of the Variance of United Kingdom
%Inflation." Econometrica 50 (07// 1982): 987-1007. http://ezproxy.gardner-
%webb.edu/login?url=http://search.ebscohost.com/login.aspx?direct=true&db=hsr&AN=521173546&site=eds-live.

% 9
% Cowan, Jack. "Discussion: Mcculloch-Pitts and Related Neural Nets from 1943 to 1989." Bulletin of Mathematical
%Biology 52, no. 1/2 (01// 1990): 73. http://ezproxy.gardner-
%webb.edu/login?url=http://search.ebscohost.com/login.aspx?direct=true&db=edb&AN=72259295&site=eds-live.

% 10
% Hebb, D. O. The Organization of Behavior : A Neuropsychological Theory. Wiley's Books in Clinical Psychology: New
%York : Wiley, 1949., 1949.

% 11
% Rosenblatt, F. "The Perceptron: A Probabilistic Model for Information Storage and Organization in the Brain." In
%Neurocomputing: Foundations of Research., edited by James A. Anderson and Edward Rosenfeld, 92-114. Cambridge, MA,
%US: The MIT Press, 1988.

% 12
% Rumelhart, D. E. and et al. "Parallel Distributed Processing: Explorations in the Microstructure of Cognition. Volume 1:
%Foundations." Parallel Distributed Processing: Explorations in the Microstructure of Cognition. Volume 1: Foundations
%(1986): NoPg. http://ezproxy.gardner-
%webb.edu/login?url=http://search.ebscohost.com/login.aspx?direct=true&db=20h&AN=33837881&site=eds-live.

% 13
% Tikhomirov, V. M. "On the Representation of Continuous Functions of Several Variables as Superpositions of Continuous
%Functions of a Smaller Number of Variables." In Selected Works of A. N. Kolmogorov: Volume I: Mathematics and
%Mechanics, edited by V. M. Tikhomirov, 378-82. Dordrecht: Springer Netherlands, 1991.

% 14
% Haykin, Simon. Neural Networks: A Comprehensive Foundation. Prentice Hall PTR, 1998.

% 15
% Fama, Eugene F. "Efficient Capital Markets: A Review of Theory and Empirical Work." The Journal of Finance 25, no. 2
%(1970): 383-417. http://dx.doi.org/10.2307/2325486.

% 16
% Jensen, Michael C. "Some Anomalous Evidence Regarding Market Efficiency." Journal of Financial Economics 6, no. 2
%(1978/06/01 1978): 95-101. http://dx.doi.org/http://dx.doi.org/10.1016/0304-405X(78)90025-9.

% 17
% Lo, Andrew W. and A. Craig MacKinlay. "Stock Market Prices Do Not Follow Random Walks: Evidence from a Simple
%Specification Test." The Review of Financial Studies 1, no. 1 (1988): 41-66. http://dx.doi.org/10.1093/rfs/1.1.41.

% 18
% Lendasse, A., E. de Bodt, V. Wertz, and M. Verleysen. "Non-Linear Financial Time Series Forecasting - Application to
%the Bel 20 Stock Market Index." European Journal of Economic and Social Systems 14, no. 1 (01/01/Number 1/2000 2000):
%81. http://ezproxy.gardner-
%webb.edu/login?url=http://search.ebscohost.com/login.aspx?direct=true&db=edo&AN=ejs998204&site=eds-live.

% 19
% Hassan, Md Rafiul, Baikunth Nath, and Michael Kirley. "A Fusion Model of Hmm, Ann and Ga for Stock Market
%Forecasting." Expert Systems With Applications 33, no. 1 (2007): 171-80. http://dx.doi.org/10.1016/j.eswa.2006.04.007.

% 20
% O'Connor, Marcus, William Remus, and Ken Griggs. "Going up-Going Down: How Good Are People at Forecasting
%Trends and Changes in Trends?" Journal of Forecasting 16, no. 3 (1997): 165. http://ezproxy.gardner-
%webb.edu/login?url=http://search.ebscohost.com/login.aspx?direct=true&db=bth&AN=9708223194&site=eds-live.

% 21
% Hoaglin, David C., Frederick Mosteller, and John W. Tukey. "Fitting Straight Lines by Eye." Exploring Data Tables,
%Trends & Shapes (01// 2006): 225. http://ezproxy.gardner-
%webb.edu/login?url=http://search.ebscohost.com/login.aspx?direct=true&db=edb&AN=74780855&site=eds-live.

% 22
% Collyer, Charles E., Kerrie A. Stanley, and Caroline Bowater. "Psychology of the Scientist: Lxiii. Perceiving Scattergrams:
%Is Visual Line Fitting Related to Estimation of the Correlation Coefficient?" Perceptual and Motor Skills 71, no. 2 (1990):
%371-78. http://dx.doi.org/10.2466/PMS.71.5.371-378.

% 23
% Hamzaçebi, Coşkun, Diyar Akay, and Fevzi Kutay. "Comparison of Direct and Iterative Artificial Neural Network
%Forecast Approaches in Multi-Periodic Time Series Forecasting." Expert Systems With Applications 36, no. Part 2
%(1/1/2009 2009): 3839-44. http://dx.doi.org/10.1016/j.eswa.2008.02.042.

% 24
% Yümlü, Serdar, Fikret S. Gürgen, and Nesrin Okay. "A Comparison of Global, Recurrent and Smoothed-Piecewise Neural
%Models for Istanbul Stock Exchange (Ise) Prediction." Pattern Recognition Letters 26 (1/1/2005 2005): 2093-103.

% 25
% Hassan, Md Rafiul, Baikunth Nath, and Michael Kirley. "A Fusion Model of Hmm, Ann and Ga for Stock Market
%Forecasting." Expert Systems With Applications 33, no. 1 (2007): 171-80. http://dx.doi.org/10.1016/j.eswa.2006.04.007.

% 26
% Hyup Roh, Tae. "Forecasting the Volatility of Stock Price Index." Expert Systems With Applications 33 (1/1/2007 2007):
%916-22. http://dx.doi.org/10.1016/j.eswa.2006.08.001.

% 27
% Cybenko, G. "Approximation by Superpositions of a Sigmoidal Function." Mathematics of Control, Signals & Systems 2,
%no. 4 (12// 1989): 303. http://ezproxy.gardner-
%webb.edu/login?url=http://search.ebscohost.com/login.aspx?direct=true&db=edb&AN=71058362&site=eds-live.

% 28
% Hamzaçebi, Coşkun, Diyar Akay, and Fevzi Kutay. "Comparison of Direct and Iterative Artificial Neural Network
%Forecast Approaches in Multi-Periodic Time Series Forecasting." Expert Systems With Applications 36, no. Part 2
%(1/1/2009 2009): 3839-44. http://dx.doi.org/10.1016/j.eswa.2008.02.042.

% 29
% Zhang, Xiru. "Time Series Analysis and Prediction by Neural Networks." Optimization Methods and Software 4, no. 2
%(01/01/Number 2/January 1994 1994): 151. http://ezproxy.gardner-
%webb.edu/login?url=http://search.ebscohost.com/login.aspx?direct=true&db=edo&AN=ejs11809694&site=eds-live.

% 30
% Weigend,
%A S, B A Huberman, and D E Rumelhart, "Predicting Sunspots and Exchange Rates with Connectionist
%Networks." Non-linear Modelling and Forecasting, SFI Studies in the Sciences of Complexity, Proceedings, 1992.

% 31
% Leung, Mark T., Hazem Daouk, and An-Sing Chen. "Forecasting Stock Indices: A Comparison of Classification and
%Level Estimation Models." International Journal of Forecasting 16 (1/1/2000 2000): 173-90.
%http://dx.doi.org/10.1016/S0169-2070(99)00048-5.

% 32
% Kara, Yakup, Melek Acar Boyacioglu, and Ömer Kaan Baykan. "Predicting Direction of Stock Price Index Movement
%Using Artificial Neural Networks and Support Vector Machines: The Sample of the Istanbul Stock Exchange." Expert
%Systems With Applications 38 (5/1/May 2011 2011): 5311-19. http://dx.doi.org/10.1016/j.eswa.2010.10.027.

% 33
% Diler, A I., “Predicting direction of ISE national-100 index with back propagation trained neural network.” Journal of
%Istanbul Stock Exchange 7 (2003): 65-81.

% 34
% Fernández-Rodrı g uez, Fernando, Christian González-Martel, and Simón Sosvilla-Rivero. "On the Profitability of
%Technical Trading Rules Based on Artificial Neural Networks:. Evidence from the Madrid Stock Market." Economics
%Letters 69 (1/1/2000 2000): 89-94. http://dx.doi.org/10.1016/S0165-1765(00)00270-6.

% 35
% Güreșen, Erkam and Gülgün Kayakutlu. "Forecasting Stock Exchange Movements Using Artificial Neural Network
%Models and Hybrid Models." Intelligent Information Processing IV (01//2008): 129. http://ezproxy.gardner-
%webb.edu/login?url=http://search.ebscohost.com/login.aspx?direct=true&db=edb&AN=76873933&site=eds-live.

% 36
% Kim, Kyoung-jae. "Financial Time Series Forecasting Using Support Vector Machines." Neurocomputing 55 (1/1/2003
%2003): 307-19. http://dx.doi.org/10.1016/S0925-2312(03)00372-2.

% 37
% Ticknor, Jonathan L. "A Bayesian Regularized Artificial Neural Network for Stock Market Forecasting." Expert Systems
%With Applications 40 (10/15/15 October 2013 2013): 5501-06. http://dx.doi.org/10.1016/j.eswa.2013.04.013.

% 38
% Li, Xiaodong, Haoran Xie, Ran Wang, Yi Cai, Jingjing Cao, Feng Wang, Huaqing Min, and Xiaotie Deng. "Empirical
%Analysis: Stock Market Prediction Via Extreme Learning Machine." Neural Computing & Applications 27, no. 1 (2016):
%67-78. http://dx.doi.org/10.1007/s00521-014-1550-z.

% 39
% Huang, Guang-Bin, Qin-Yu Zhu, and Chee-Kheong Siew. "Extreme Learning Machine: Theory and Applications."
%Neurocomputing 70 (1/1/2006 2006): 489-501. http://dx.doi.org/10.1016/j.neucom.2005.12.126.

% 40
% Milačić, Ljubiša, Srđan Jović, Tanja Vujović, and Jovica Miljković. "Application of Artificial Neural Network with
%Extreme Learning Machine for Economic Growth Estimation." Physica A: Statistical Mechanics and its Applications 465
%(1/1/1 January 2017 2017): 285-88. http://dx.doi.org/10.1016/j.physa.2016.08.040.

% 41
% Li, Xiaodong, Haoran Xie, Ran Wang, Yi Cai, Jingjing Cao, Feng Wang, Huaqing Min, and Xiaotie Deng. "Empirical
%Analysis: Stock Market Prediction Via Extreme Learning Machine." Neural Computing & Applications 27, no. 1 (2016):
%67-78. http://dx.doi.org/10.1007/s00521-014-1550-z.

% 42
% Guorui, Feng, Huang Guang-Bin, Lin Qingping, and Robert Gay. "Error Minimized Extreme Learning Machine with
%Growth of Hidden Nodes and Incremental Learning." IEEE Transactions on Neural Networks 20, no. 8 (2009): 1352-57.
%http://dx.doi.org/10.1109/TNN.2009.2024147.

% 43
% Liang, N. y., G. b. Huang, P. Saratchandran, and N. Sundararajan. "A Fast and Accurate Online Sequential Learning
%Algorithm for Feedforward Networks." IEEE Transactions on Neural Networks 17, no. 6 (2006): 1411-23.
%http://dx.doi.org/10.1109/TNN.2006.880583.

% 44
% http://www.ntu.edu.sg/home/egbhuang/reference.html

% 45
% http://www.ntu.edu.sg/home/egbhuang/index.html

% 46
% Huang, Guang-Bin, Qin-Yu Zhu, and Chee-Kheong Siew. "Extreme Learning Machine: Theory and Applications."
%Neurocomputing 70 (1/1/2006 2006): 489-501.

% 47
% Serre, D. "Matrices Theory and Applications." Graduate Texts in Mathematics - New York, no. 216 (// 2002): ALL.
%http://ezproxy.gardner-
%webb.edu/login?url=http://search.ebscohost.com/login.aspx?direct=true&db=edsbl&AN=RN120721940&site=eds-live.

% 48
% https://pypi.python.org/pypi/hpelm

% 49
% http://www.ntu.edu.sg/home/egbhuang/

% 50
% Akusok, A., K. M. Björk, Y. Miche, and A. Lendasse. "High-Performance Extreme Learning Machines: A Complete
%Toolbox for Big Data Applications." IEEE Access 3 (2015): 1011-25. http://dx.doi.org/10.1109/ACCESS.2015.2450498.

% 51
% http://scikit-learn.org/stable/index.html
